@book{pitas,
  title={Digital image processing algorithms and applications},
  author={Pitas, Ioannis},
  year={2000},
  publisher={John Wiley \& Sons}
}

@Book{gonzalez-woods,
  title={Digital image processing},
  author={Gonzalez, Rafael C and Woods, Richard E},
  year={2002},
  publisher={Prentice Hall Upper Saddle River, NJ}
}

@book{hartley-zisserman,
  title={Multiple view geometry in computer vision},
  author={Hartley, Richard and Zisserman, Andrew},
  year={2003},
  publisher={Cambridge university press}
}

@article{homography-estimation,
  title={A survey of planar homography estimation techniques},
  author={Agarwal, Anubhav and Jawahar, CV and Narayanan, PJ}
}

@MISC{phone_camera_benchmark,
   author = "Paul Carrol",
   title = "Samsung Galaxy S6 Edge review: Top-ranking Smartphone has the Edge",
   year = "2015",
   url = "http://www.dxomark.com/Phones/Samsung-Galaxy-S6-Edge-review-Top-ranking-Smartphone-has-the-Edge",
   note = "[Online; accessed 1-May-2015]"
}

@MISC{phone_performance_benchmark,
   author = {Florence Ion},
   title = {Benchmarked: The Galaxy S6 is the fastest Android phone. Period.},
   year = "2015",
   url = "http://www.greenbot.com/article/2904384/benchmarked-the-galaxy-s6-is-the-fastest-android-phone-period.html",
   note = "[Online; accessed 1-May-2015]"
}

@misc{ wiki:qr-decomposition,
   author = "Wikipedia",
   title = "{QR decomposition} --- {W}ikipedia{,} The Free Encyclopedia",
   year = "2015",
   howpublished = {\url{http://en.wikipedia.org/w/index.php?title=QR%20decomposition&oldid=655839188}},
   note = "[Online; accessed 01-May-2015]"
 }

@article{zhang-calibration,
  title={A flexible new technique for camera calibration},
  author={Zhang, Zhengyou},
  journal={Pattern Analysis and Machine Intelligence, IEEE Transactions on},
  volume={22},
  number={11},
  pages={1330--1334},
  year={2000},
  publisher={IEEE}
}

@book{szeliski,
  title={Computer vision: algorithms and applications},
  author={Szeliski, Richard},
  year={2010},
  publisher={Springer Science \& Business Media}
}

@MISC{pollefeys,
   author = "Marc Pollefeys ",
   title = "Visual Modeling from Images",
   howpublished = {\url{http://en.wikipedia.org/w/index.php?title=QR%20decomposition&oldid=655839188}},
   note = "[Online; accessed 5-May-2015]"
}

@inproceedings{hesch-pnp,
  title={A direct least-squares (DLS) method for PnP},
  author={Hesch, Joel A and Roumeliotis, Stergios I},
  booktitle={Computer Vision (ICCV), 2011 IEEE International Conference on},
  pages={383--390},
  year={2011},
  organization={IEEE}
}

@inproceedings{oberkampf-pnp,
  title={Iterative pose estimation using coplanar points},
  author={Oberkampf, Denis and DeMenthon, Daniel F and Davis, Larry S},
  booktitle={Computer Vision and Pattern Recognition, 1993. Proceedings CVPR'93., 1993 IEEE Computer Society Conference on},
  pages={626--627},
  year={1993},
  organization={IEEE}
}

@inproceedings{lepetit-pnp,
  title={Accurate non-iterative o (n) solution to the pnp problem},
  author={Moreno-Noguer, Francesc and Lepetit, Vincent and Fua, Pascal},
  booktitle={Computer Vision, 2007. ICCV 2007. IEEE 11th International Conference on},
  pages={1--8},
  year={2007},
  organization={IEEE}
}

@article{quan-pnp,
  title={Linear n-point camera pose determination},
  author={Quan, Long and Lan, Zhongdan},
  journal={Pattern Analysis and Machine Intelligence, IEEE Transactions on},
  volume={21},
  number={8},
  pages={774--780},
  year={1999},
  publisher={IEEE}
}

@misc{ wiki:OpenCV,
   author = "Wikipedia",
   title = "{OpenCV} --- {W}ikipedia{,} The Free Encyclopedia",
   year = "2015",
   howpublished = {\url{http://en.wikipedia.org/w/index.php?title=OpenCV&oldid=650747223}},
   note = "[Online; accessed 06-May-2015]"
 }
